
<record>
  <leader>01600ncm a22003255i 4500</leader>
  <controlfield tag="001">21352670</controlfield>
  <datafield tag="906" ind1=" " ind2=" ">
    <subfield code="a">0</subfield>
    <subfield code="b">ibc</subfield>
    <subfield code="c">origres</subfield>
    <subfield code="d">u</subfield>
    <subfield code="e">ncip</subfield>
    <subfield code="f">20</subfield>
    <subfield code="g">y-genmusic</subfield>
  </datafield>
  <datafield tag="925" ind1="0" ind2=" ">
    <subfield code="a">acquire</subfield>
    <subfield code="b">1 shelf copy</subfield>
    <subfield code="x">policy default</subfield>
  </datafield>
  <datafield tag="955" ind1=" " ind2=" ">
    <subfield code="a">ve21 2020-01-03</subfield>
  </datafield>
  <controlfield tag="005">20200103194703.0</controlfield>
  <controlfield tag="008">191214s2019    gw uua|        nn | ger  </controlfield>
  <datafield tag="020" ind1=" " ind2=" ">
    <subfield code="a">9788790230319</subfield>
    <subfield code="q">ser. 4, v. 3</subfield>
    <subfield code="q">cloth</subfield>
  </datafield>
  <datafield tag="020" ind1=" " ind2=" ">
    <subfield code="a">8790230310</subfield>
    <subfield code="q">ser. 4, v. 3</subfield>
    <subfield code="q">cloth</subfield>
  </datafield>
  <datafield tag="024" ind1="3" ind2=" ">
    <subfield code="a">9788790230319</subfield>
  </datafield>
  <datafield tag="024" ind1="2" ind2=" ">
    <subfield code="a">9790006487790</subfield>
    <subfield code="q">ser. 4, v. 3</subfield>
    <subfield code="q">cloth</subfield>
  </datafield>
  <datafield tag="028" ind1="3" ind2="0">
    <subfield code="a">BA 7622</subfield>
    <subfield code="b">Engstrøm &amp; Sødring AS Musikforlag</subfield>
  </datafield>
  <datafield tag="035" ind1=" " ind2=" ">
    <subfield code="a">(GyWOH)har195021459</subfield>
  </datafield>
  <datafield tag="040" ind1=" " ind2=" ">
    <subfield code="a">DLC</subfield>
    <subfield code="b">eng</subfield>
    <subfield code="c">DLC</subfield>
    <subfield code="e">rda</subfield>
  </datafield>
  <datafield tag="042" ind1=" " ind2=" ">
    <subfield code="a">pcc</subfield>
  </datafield>
  <datafield tag="100" ind1="1" ind2=" ">
    <subfield code="a">Gade, Niels W. (Niels Wilhelm),</subfield>
    <subfield code="d">1817-1890.</subfield>
  </datafield>
  <datafield tag="245" ind1="1" ind2="0">
    <subfield code="a">Cantatas :</subfield>
    <subfield code="b">Spring Fantasy Op. 23, Spring&apos;s Message Op. 35, The Holy Night op. 40, At Sunset Op. 46 = Konzertstücke (Kantaten):Frühlings-Phantasie Op. 23, Frühlings-Botschaft Op. 35, Die heilige Nacht Op. 40, Beim Sonnenuntergang Op.46 /</subfield>
    <subfield code="c">Niels W. Gade ; edited by Finn Egeland Hansen.</subfield>
  </datafield>
  <datafield tag="246" ind1="3" ind2="1">
    <subfield code="a">Konzertstücke (Kantaten):Frühlings-PhantasieOp. 23, Frühlings-Botschaft Op. 35, Die heilige Nacht Op. 40, Beim Sonnenuntergang Op.46</subfield>
  </datafield>
  <datafield tag="264" ind1=" " ind2="1">
    <subfield code="a">Copenhagen :</subfield>
    <subfield code="b">Engstrøm &amp; Sødring ASMusikforlag ;</subfield>
    <subfield code="a">Kassel :</subfield>
    <subfield code="b">Bärenreiter-Verlag,</subfield>
    <subfield code="c">2019-</subfield>
  </datafield>
  <datafield tag="300" ind1=" " ind2=" ">
    <subfield code="a">1 score (xxxvi, 280 pages) ;</subfield>
    <subfield code="c">33 cm.</subfield>
  </datafield>
  <datafield tag="336" ind1=" " ind2=" ">
    <subfield code="a">notated music</subfield>
    <subfield code="b">ntm</subfield>
    <subfield code="2">rdacontent</subfield>
  </datafield>
  <datafield tag="337" ind1=" " ind2=" ">
    <subfield code="a">unmediated</subfield>
    <subfield code="b">n</subfield>
    <subfield code="2">rdamedia</subfield>
  </datafield>
  <datafield tag="338" ind1=" " ind2=" ">
    <subfield code="a">volume</subfield>
    <subfield code="b">nc</subfield>
    <subfield code="2">rdacarrier</subfield>
  </datafield>
  <datafield tag="490" ind1="0" ind2=" ">
    <subfield code="a">Gade, Niels W. (Niels Wilhelm), 1817-1890. Works. 1995 /Niels W. Gade ; edited by Finn Egeland Hansen</subfield>
  </datafield>
  <datafield tag="923" ind1=" " ind2=" ">
    <subfield code="d">20191212</subfield>
    <subfield code="n">0217929</subfield>
    <subfield code="s">GyWOH</subfield>
  </datafield>
  <datafield tag="985" ind1=" " ind2=" ">
    <subfield code="e">VENDOR LOAD</subfield>
  </datafield>
</record>