
<record>
  <leader>01744ncm a22002895i 4500</leader>
  <controlfield tag="001">21352674</controlfield>
  <datafield tag="906" ind1=" " ind2=" ">
    <subfield code="a">0</subfield>
    <subfield code="b">ibc</subfield>
    <subfield code="c">origres</subfield>
    <subfield code="d">u</subfield>
    <subfield code="e">ncip</subfield>
    <subfield code="f">20</subfield>
    <subfield code="g">y-genmusic</subfield>
  </datafield>
  <datafield tag="925" ind1="0" ind2=" ">
    <subfield code="a">acquire</subfield>
    <subfield code="b">1 shelf copy</subfield>
    <subfield code="x">policy default</subfield>
  </datafield>
  <datafield tag="955" ind1=" " ind2=" ">
    <subfield code="a">ve21 2020-01-03</subfield>
  </datafield>
  <controlfield tag="005">20200103194706.0</controlfield>
  <controlfield tag="008">191214s2019    ru uua|        nn | rus  </controlfield>
  <datafield tag="024" ind1="2" ind2=" ">
    <subfield code="a">9790706427393</subfield>
    <subfield code="q">ser. 11, v. 106-108</subfield>
    <subfield code="q">hardbound</subfield>
  </datafield>
  <datafield tag="028" ind1="3" ind2="0">
    <subfield code="a">SIK DS 106-108</subfield>
    <subfield code="b">DSCH Publishers</subfield>
  </datafield>
  <datafield tag="035" ind1=" " ind2=" ">
    <subfield code="a">(GyWOH)har195020022</subfield>
  </datafield>
  <datafield tag="040" ind1=" " ind2=" ">
    <subfield code="a">DLC</subfield>
    <subfield code="b">eng</subfield>
    <subfield code="c">DLC</subfield>
    <subfield code="e">rda</subfield>
  </datafield>
  <datafield tag="042" ind1=" " ind2=" ">
    <subfield code="a">pcc</subfield>
  </datafield>
  <datafield tag="100" ind1="1" ind2=" ">
    <subfield code="a">Shostakovich, Dmitrii Dmitrievich,</subfield>
    <subfield code="d">1906-1975.</subfield>
  </datafield>
  <datafield tag="245" ind1="1" ind2="0">
    <subfield code="a">Sonata dlia violoncheli i fortepiano, soch. 40 ; Moderato dlia violoncheli i fortepiano, b/n soch. ;  Sonata dlia skripki i fortepiano, soch. 134 ; Neokonchennaia sonata dlia skripki i fortepiano, b/n soch. ; Sonata dlia al&apos;ta i fortepiano, soch. 147 ; Eksprompt dlia al&apos;ta i fortepiano, b/n soch. /</subfield>
    <subfield code="c">Dmitrii Shostakovich ; obshchaia redaktsiia Viktora Ekimovskogo ; poiasnitel&apos;nye stat&apos;i Svetlany Petukhovoi, Manashira Iakubova.</subfield>
  </datafield>
  <datafield tag="246" ind1="3" ind2="1">
    <subfield code="a">Sonata for cello and piano, Op. 40 ; Moderato for cello and piano, sans p. ; Sonata for violin and piano, Op. 134 ; Unfinished sonata for violin and piano, sans op. ; Sonata for viola and piano, Op. 147 ; Impromptu for viola and piano, sans op.</subfield>
  </datafield>
  <datafield tag="264" ind1=" " ind2="1">
    <subfield code="a">Moskva :</subfield>
    <subfield code="b">DSCH Publishers,</subfield>
    <subfield code="c">2019-</subfield>
  </datafield>
  <datafield tag="300" ind1=" " ind2=" ">
    <subfield code="a">1 score (333 pages) :</subfield>
    <subfield code="b">18 facsimiles ;</subfield>
    <subfield code="c">30 cm.</subfield>
  </datafield>
  <datafield tag="336" ind1=" " ind2=" ">
    <subfield code="a">notated music</subfield>
    <subfield code="b">ntm</subfield>
    <subfield code="2">rdacontent</subfield>
  </datafield>
  <datafield tag="337" ind1=" " ind2=" ">
    <subfield code="a">unmediated</subfield>
    <subfield code="b">n</subfield>
    <subfield code="2">rdamedia</subfield>
  </datafield>
  <datafield tag="338" ind1=" " ind2=" ">
    <subfield code="a">volume</subfield>
    <subfield code="b">nc</subfield>
    <subfield code="2">rdacarrier</subfield>
  </datafield>
  <datafield tag="490" ind1="0" ind2=" ">
    <subfield code="a">Shostakovich, Dmitri. Novoe sobranie sochinenii /Dmitrii Shostakovich ; obshchaia redaktsiia Viktora Ekimovskogo ; poiasnitel&apos;nye stat&apos;i Svetlany Petukhovoi, Manashira Iakubova</subfield>
  </datafield>
  <datafield tag="923" ind1=" " ind2=" ">
    <subfield code="d">20191212</subfield>
    <subfield code="n">0217929</subfield>
    <subfield code="s">GyWOH</subfield>
  </datafield>
  <datafield tag="985" ind1=" " ind2=" ">
    <subfield code="e">VENDOR LOAD</subfield>
  </datafield>
</record>