
<record>
  <leader>01737ncm a22003015i 4500</leader>
  <controlfield tag="001">21352675</controlfield>
  <datafield tag="906" ind1=" " ind2=" ">
    <subfield code="a">0</subfield>
    <subfield code="b">ibc</subfield>
    <subfield code="c">origres</subfield>
    <subfield code="d">u</subfield>
    <subfield code="e">ncip</subfield>
    <subfield code="f">20</subfield>
    <subfield code="g">y-genmusic</subfield>
  </datafield>
  <datafield tag="925" ind1="0" ind2=" ">
    <subfield code="a">acquire</subfield>
    <subfield code="b">1 shelf copy</subfield>
    <subfield code="x">policy default</subfield>
  </datafield>
  <datafield tag="955" ind1=" " ind2=" ">
    <subfield code="a">ve21 2020-01-03</subfield>
  </datafield>
  <controlfield tag="005">20200103194708.0</controlfield>
  <controlfield tag="008">191214s2019    gw uua|        nn | mul  </controlfield>
  <datafield tag="024" ind1="2" ind2=" ">
    <subfield code="a">9790006560097</subfield>
    <subfield code="q">v. 66</subfield>
    <subfield code="q">cloth</subfield>
  </datafield>
  <datafield tag="028" ind1="3" ind2="0">
    <subfield code="a">BA 7816-01</subfield>
    <subfield code="b">Bärenreiter</subfield>
  </datafield>
  <datafield tag="035" ind1=" " ind2=" ">
    <subfield code="a">(GyWOH)har195019618</subfield>
  </datafield>
  <datafield tag="040" ind1=" " ind2=" ">
    <subfield code="a">DLC</subfield>
    <subfield code="b">eng</subfield>
    <subfield code="c">DLC</subfield>
    <subfield code="e">rda</subfield>
  </datafield>
  <datafield tag="042" ind1=" " ind2=" ">
    <subfield code="a">pcc</subfield>
  </datafield>
  <datafield tag="100" ind1="1" ind2=" ">
    <subfield code="a">Telemann, Georg Philipp,</subfield>
    <subfield code="d">1681-1767.</subfield>
  </datafield>
  <datafield tag="245" ind1="1" ind2="0">
    <subfield code="a">Festmusik für Altona :</subfield>
    <subfield code="b">Musik zum Einweihungsgottesdienst für das Akademische Gymnasium in Altona 1744, TVWV 13:13 ; Musik zumEinweihungsfestakt für das Akademische Gymnasium in Altona 1744, TVWV 13:14 ; Musik zur Hundertjahrfeier derErbsouveränität des dänischen Königshauses am16. Oktober 1760 in Altona, TVWV deest ; Ode auf den dänischen König, TVWV deest ; Musik zum Amtsantritt von Elias Caspar Reichard als Professor am  Akademischen Gymnasium in Altona 1741, TVWV 20:38 (Auszug) /</subfield>
    <subfield code="c">Georg Philipp Telemann ; herausgegeben von Jürgen Neubacher.</subfield>
  </datafield>
  <datafield tag="264" ind1=" " ind2="1">
    <subfield code="a">Kassel :</subfield>
    <subfield code="b">Bärenreiter,</subfield>
    <subfield code="c">2019-</subfield>
  </datafield>
  <datafield tag="300" ind1=" " ind2=" ">
    <subfield code="a">1 score (lv, 209 pages) :</subfield>
    <subfield code="b">38 facsimiles ;</subfield>
    <subfield code="c">cm.</subfield>
  </datafield>
  <datafield tag="336" ind1=" " ind2=" ">
    <subfield code="a">notated music</subfield>
    <subfield code="b">ntm</subfield>
    <subfield code="2">rdacontent</subfield>
  </datafield>
  <datafield tag="337" ind1=" " ind2=" ">
    <subfield code="a">unmediated</subfield>
    <subfield code="b">n</subfield>
    <subfield code="2">rdamedia</subfield>
  </datafield>
  <datafield tag="338" ind1=" " ind2=" ">
    <subfield code="a">volume</subfield>
    <subfield code="b">nc</subfield>
    <subfield code="2">rdacarrier</subfield>
  </datafield>
  <datafield tag="490" ind1="0" ind2=" ">
    <subfield code="a">Telemann, Georg Philipp, 1681-1767. Works. 1950 /Georg Philipp Telemann ; herausgegeben von Jürgen Neubacher</subfield>
  </datafield>
  <datafield tag="490" ind1="0" ind2=" ">
    <subfield code="a">Telemann, Georg Philipp, 1681-1767. Works. 1950 /Georg Philipp Telemann ; herausgegeben von Jürgen Neubacher</subfield>
  </datafield>
  <datafield tag="546" ind1=" " ind2=" ">
    <subfield code="a">German and Latin words.-Includes facsimile reprints of  the textbooks.</subfield>
  </datafield>
  <datafield tag="923" ind1=" " ind2=" ">
    <subfield code="d">20191212</subfield>
    <subfield code="n">0217929</subfield>
    <subfield code="s">GyWOH</subfield>
  </datafield>
  <datafield tag="985" ind1=" " ind2=" ">
    <subfield code="e">VENDOR LOAD</subfield>
  </datafield>
</record>