
<record>
  <leader>01027nam a22003015i 4500</leader>
  <controlfield tag="001">21352757</controlfield>
  <datafield tag="906" ind1=" " ind2=" ">
    <subfield code="a">0</subfield>
    <subfield code="b">ibc</subfield>
    <subfield code="c">origres</subfield>
    <subfield code="d">u</subfield>
    <subfield code="e">ncip</subfield>
    <subfield code="f">20</subfield>
    <subfield code="g">y-gencatlg</subfield>
  </datafield>
  <datafield tag="925" ind1="0" ind2=" ">
    <subfield code="a">acquire</subfield>
    <subfield code="b">1 shelf copy</subfield>
    <subfield code="x">policy default</subfield>
  </datafield>
  <datafield tag="955" ind1=" " ind2=" ">
    <subfield code="a">ve21 2020-01-03</subfield>
  </datafield>
  <controlfield tag="005">20200103194758.0</controlfield>
  <controlfield tag="008">191221s2020    gw            000 0 ger  </controlfield>
  <datafield tag="020" ind1=" " ind2=" ">
    <subfield code="a">9783837647839</subfield>
    <subfield code="q">paperback</subfield>
  </datafield>
  <datafield tag="024" ind1="3" ind2=" ">
    <subfield code="a">9783837647839</subfield>
  </datafield>
  <datafield tag="035" ind1=" " ind2=" ">
    <subfield code="a">(GyWOH)har190026467</subfield>
  </datafield>
  <datafield tag="040" ind1=" " ind2=" ">
    <subfield code="a">DLC</subfield>
    <subfield code="b">eng</subfield>
    <subfield code="c">DLC</subfield>
    <subfield code="e">rda</subfield>
  </datafield>
  <datafield tag="042" ind1=" " ind2=" ">
    <subfield code="a">pcc</subfield>
  </datafield>
  <datafield tag="100" ind1="1" ind2=" ">
    <subfield code="a">Schlupp, Ana-Maria.</subfield>
  </datafield>
  <datafield tag="245" ind1="1" ind2="0">
    <subfield code="a">Walachei :</subfield>
    <subfield code="b">zur Herausbildung eines literarischen Topos /</subfield>
    <subfield code="c">Ana-Maria Schlupp.</subfield>
  </datafield>
  <datafield tag="264" ind1=" " ind2="1">
    <subfield code="a">Bielefeld :</subfield>
    <subfield code="b">Transcript,</subfield>
    <subfield code="c">[2020]</subfield>
  </datafield>
  <datafield tag="300" ind1=" " ind2=" ">
    <subfield code="a">325 pages :</subfield>
    <subfield code="b">some illustrations (mostly color) ;</subfield>
    <subfield code="c">23 cm.</subfield>
  </datafield>
  <datafield tag="336" ind1=" " ind2=" ">
    <subfield code="a">text</subfield>
    <subfield code="b">txt</subfield>
    <subfield code="2">rdacontent</subfield>
  </datafield>
  <datafield tag="337" ind1=" " ind2=" ">
    <subfield code="a">unmediated</subfield>
    <subfield code="b">n</subfield>
    <subfield code="2">rdamedia</subfield>
  </datafield>
  <datafield tag="338" ind1=" " ind2=" ">
    <subfield code="a">volume</subfield>
    <subfield code="b">nc</subfield>
    <subfield code="2">rdacarrier</subfield>
  </datafield>
  <datafield tag="490" ind1="0" ind2=" ">
    <subfield code="a">Lettre (Transcript (Firm))</subfield>
  </datafield>
  <datafield tag="504" ind1=" " ind2=" ">
    <subfield code="a">Includes bibliographical references (pages 313-325).</subfield>
  </datafield>
  <datafield tag="776" ind1="0" ind2="8">
    <subfield code="z">9783839447833</subfield>
    <subfield code="i">PDF version</subfield>
  </datafield>
  <datafield tag="923" ind1=" " ind2=" ">
    <subfield code="d">20191220</subfield>
    <subfield code="n">0218871</subfield>
    <subfield code="s">GyWOH</subfield>
  </datafield>
  <datafield tag="985" ind1=" " ind2=" ">
    <subfield code="e">VENDOR LOAD</subfield>
  </datafield>
</record>